
%some studies
@article{kennedy2021text,
  title={Text analysis for psychology: Methods, principles, and practices},
  author={Kennedy, Brendan and Ashokkumar, Ashwini and Boyd, Ryan L and Dehghani, Morteza},
  year={2021},
  publisher={PsyArXiv}
}



@inproceedings{shen2017detecting,
  title={Detecting anxiety through reddit},
  author={Shen, Judy Hanwen and Rudzicz, Frank},
  booktitle={Proceedings of the Fourth Workshop on Computational Linguistics and Clinical Psychologyâ€”From Linguistic Signal to Clinical Reality},
  pages={58--65},
  year={2017}
}



@article{low2020natural,
  title={Natural language processing reveals vulnerable mental health support groups and heightened health anxiety on reddit during covid-19: Observational study},
  author={Low, Daniel M and Rumker, Laurie and Talkar, Tanya and Torous, John and Cecchi, Guillermo and Ghosh, Satrajit S},
  journal={Journal of medical Internet research},
  volume={22},
  number={10},
  pages={e22635},
  year={2020},
  publisher={JMIR Publications Inc., Toronto, Canada}
}


@article{park2018examining,
  title={Examining thematic similarity, difference, and membership in three online mental health communities from Reddit: a text mining and visualization approach},
  author={Park, Albert and Conway, Mike and Chen, Annie T},
  journal={Computers in human behavior},
  volume={78},
  pages={98--112},
  year={2018},
  publisher={Elsevier}
}


@inproceedings{gaikwad2016multiclass,
  title={Multiclass mood classification on twitter using lexicon dictionary and machine learning algorithms},
  author={Gaikwad, Govin and Joshi, Deepali J},
  booktitle={2016 international conference on inventive computation technologies (icict)},
  volume={1},
  pages={1--6},
  year={2016},
  organization={IEEE}
}


@article{imran2020cross,
  title={Cross-cultural polarity and emotion detection using sentiment analysis and deep learning on COVID-19 related tweets},
  author={Imran, Ali Shariq and Daudpota, Sher Muhammad and Kastrati, Zenun and Batra, Rakhi},
  journal={Ieee Access},
  volume={8},
  pages={181074--181090},
  year={2020},
  publisher={IEEE}
}


@article{chen2021sentiment,
  title={Sentiment Analysis of the COVID-related r/Depression Posts},
  author={Chen, Zihan and Sokolova, Marina},
  journal={arXiv preprint arXiv:2108.06215},
  year={2021}
}


@inproceedings{mossburger2020exploring,
  title={Exploring online depression forums via text mining: A comparison of Reddit and a curated online forum},
  author={Mo{\ss}burger, Luis and Wende, Felix and Brinkmann, Kay and Schmidt, Thomas},
  booktitle={Proceedings of the Fifth Social Media Mining for Health Applications Workshop \& Shared Task},
  pages={70--81},
  year={2020}
}


@inproceedings{pasca2022text,
  title={Text-mining and PLS-SEM combination to measure food satisfaction with Google Review: When the gut (re) counts!},
  author={Pasca, P and Misuraca, M and Meloni, A and Ciavolino, E},
  booktitle={IES2022},
  pages={294--299},
  year={2022},
  organization={PKE}
}



%sample
@article{landers2016primer,
  title={A primer on theory-driven web scraping: Automatic extraction of big data from the Internet for use in psychological research.},
  author={Landers, Richard N and Brusso, Robert C and Cavanaugh, Katelyn J and Collmus, Andrew B},
  journal={Psychological methods},
  volume={21},
  number={4},
  pages={475},
  year={2016},
  publisher={American Psychological Association}
}



@misc{pushift,
author={Pushift.io},
title={pushshift/api: Pushshift API},
howpublished={https://github.com/pushshift/api},
year={2019}
}



%Analysis and Results
@article{blei2003latent,
  title={Latent dirichlet allocation},
  author={Blei, David M and Ng, Andrew Y and Jordan, Michael I},
  journal={Journal of machine Learning research},
  volume={3},
  number={Jan},
  pages={993--1022},
  year={2003}
}


@inproceedings{raji2020sparks,
  title={What sparks joy: The AffectVec emotion database},
  author={Raji, Shahab and De Melo, Gerard},
  booktitle={Proceedings of The Web Conference 2020},
  pages={2991--2997},
  year={2020}
}



@book{plutchik1997circumplex,
  title={Circumplex models of personality and emotions.},
  author={Plutchik, Robert Ed and Conte, Hope R},
  year={1997},
  publisher={American Psychological Association}
}





@article{salton1988term,
  title={Term-weighting approaches in automatic text retrieval},
  author={Salton, Gerard and Buckley, Christopher},
  journal={Information processing \& management},
  volume={24},
  number={5},
  pages={513--523},
  year={1988},
  publisher={Elsevier}
}

